@online{nats,
    author = {NATS},
    title = {Connective Technology for Adaptive Edge \& Distributed Systems},
    year = 2021,
    url = {https://nats.io/},
    urldate = {2021-08-20}
}
@online{k8s,
    author = {Kubernetes},
    title = {Production-Grade Container Orchestration},
    year = 2021,
    url = {https://kubernetes.io/},
    urldate = {2021-08-20}
}
@online{docker,
    author = {Docker},
    title = {Use containers to Build, Share and Run your applications},
    year = 2021,
    url = {https://www.docker.com/},
    urldate = {2021-08-20}
}
